@book{Eve2014,
address={Cambridge}, 
title={Open Access and the Humanities: Contexts, Controversies and the Future},
DOI={10.1017/CBO9781316161012},
publisher={Cambridge University Press}, 
author={Eve, Martin Paul}, 
year={2014}
}

@book{AdemaStone2017,
title ={Changing publishing ecologies: {{A}} landscape study of new university presses and academic-led publishing},
author = {Janneke Adema and Graham Stone},
year={2017},
url={http://repository.jisc.ac.uk/6666/1/Changing-publishing-ecologies-report.pdf}
}

@book{JohsonEtAl2017,
title={Towards a Competitive and Sustainable {OA} Market in {Europe}: {{A}} Study of the Open Access Market and Policy Environment},
author={Rob Johnson and Maria Fosci and Andrea Chiarelli and Stephen Pinfield and Michael Jubb},
publisher ={Research Consulting},
year={2017},
url={https://blogs.openaire.eu/wp-content/uploads/2017/03/OA-market-report-28Final-13-March-201729-1.pdf}
}

@book{FewerdaEtAl2017,
title ={A landscape study on open access and monographs: {P}olicies, funding and publishing in eight {European} countries},
publisher = {Knowledge Exchange},
author = {Eelco Ferwerda and Frances Pinter and Niels Stern},
doi ={https://doi.org/10.5281/zenodo.815932},
year={2017}
}


@book{MaronEtAl2016,
	title = {The costs of publishing monographs: {{T}}oward a transparent methodology},
	author = {Nancy L. Maron and  Christine Mulhern and  Daniel Rossman and  Kimberly Schmelzinger},
	doi = {10.18665/sr.276785},
	year = {2016}
}

@book{Dahl2016,
  author = {Ã–sten Dahl},
  address ={Berlin},
  title = {Grammaticalization in the {North}: {{N}}oun phrase morphosyntax in {Scandinavian} vernaculars},
  publisher = {Language Science Press},
  series = {Studies in Diversity Linguistics},
  number = {6},
  year = {2016}
}
@book{Klamer2014,
  editor = {Marian Klamer},
  address ={Berlin},
  title = {The {Alor-Pantar} languages: {{H}}istory and typology},
  publisher = {Language Science Press},
  series = {Studies in Diversity Linguistics},
  number = {3},
  year = {2014}
}
